<record><leader>00000cas a2200000 a 4500</leader><controlfield tag="001">27052813</controlfield><controlfield tag="008">921202d188018uuiluwr ne      0   a0eng c</controlfield><datafield ind1=" " ind2=" " tag="010"><subfield code="a">sn 92053970 </subfield></datafield><datafield ind1=" " ind2=" " tag="040"><subfield code="a">NVF</subfield><subfield code="b">eng</subfield><subfield code="c">NVF</subfield><subfield code="d">NVF</subfield><subfield code="d">OCLCQ</subfield><subfield code="d">OCLCF</subfield><subfield code="d">OCLCO</subfield><subfield code="d">NVF</subfield></datafield><datafield ind1=" " ind2=" " tag="042"><subfield code="a">pcc</subfield></datafield><datafield ind1=" " ind2=" " tag="043"><subfield code="a">n-us-il</subfield></datafield><datafield ind1="0" ind2="0" tag="245"><subfield code="a">Review dispatch.</subfield></datafield><datafield ind1="1" ind2="7" tag="246"><subfield code="a">Moline review-dispatch</subfield><subfield code="f">Sept. 16, 1880-&lt;Dec. 29, 1882&gt;</subfield></datafield><datafield ind1="3" ind2=" " tag="246"><subfield code="a">Moline review dispatch</subfield></datafield><datafield ind1=" " ind2=" " tag="260"><subfield code="a">Moline, Ill. :</subfield><subfield code="b">Sam Kennedy,</subfield><subfield code="c">1880-[18--?]</subfield></datafield><datafield ind1=" " ind2=" " tag="300"><subfield code="a">v.</subfield></datafield><datafield ind1=" " ind2=" " tag="310"><subfield code="a">Weekly</subfield></datafield><datafield ind1="0" ind2=" " tag="362"><subfield code="a">Vol. 11, no. 38 (Sept. 16, 1880)-</subfield></datafield><datafield ind1=" " ind2=" " tag="515"><subfield code="a">Continues the numbering of Moline review (Moline, Ill.).</subfield></datafield><datafield ind1=" " ind2=" " tag="515"><subfield code="a">Issues for &lt;Jan. 4, 1888 [1889]-Dec. 27, 1889&gt; called also whole no. &lt;939-990&gt;</subfield></datafield><datafield ind1=" " ind2=" " tag="515"><subfield code="a">Issue for Jan. 4, 1889 erroneously designated as Jan. 4, 1888.</subfield></datafield><datafield ind1=" " ind2=" " tag="515"><subfield code="a">Various volume and numbering irregularities.</subfield></datafield><datafield ind1=" " ind2=" " tag="580"><subfield code="a">Formed by the union of: Moline review (Moline, Ill.), and: Moline dispatch, and: Milan journal.</subfield></datafield><datafield ind1=" " ind2=" " tag="580"><subfield code="a">Daily ed.: Moline daily evening dispatch, 1880-&lt;1889&gt;</subfield></datafield><datafield ind1=" " ind2=" " tag="588"><subfield code="a">Latest issue consulted: Whole no. 990 (Dec. 29, 1889).</subfield></datafield><datafield ind1=" " ind2="0" tag="651"><subfield code="a">Moline (Ill.)</subfield><subfield code="v">Newspapers.</subfield></datafield><datafield ind1=" " ind2="7" tag="651"><subfield code="a">Illinois</subfield><subfield code="z">Moline.</subfield><subfield code="2">fast</subfield><subfield code="0">(OCoLC)fst01210118</subfield></datafield><datafield ind1=" " ind2="7" tag="655"><subfield code="a">Newspapers.</subfield><subfield code="2">fast</subfield><subfield code="0">(OCoLC)fst01423814</subfield></datafield><datafield ind1=" " ind2=" " tag="752"><subfield code="a">United States</subfield><subfield code="b">Illinois</subfield><subfield code="c">Rock Island County</subfield><subfield code="d">Moline.</subfield></datafield><datafield ind1="1" ind2=" " tag="775"><subfield code="t">Moline daily evening dispatch</subfield><subfield code="w">(DLC)sn2004062012</subfield><subfield code="w">(OCoLC)56997218</subfield></datafield><datafield ind1="1" ind2="4" tag="780"><subfield code="t">Moline review (Moline, Ill.)</subfield><subfield code="w">(DLC)sn 85033865</subfield><subfield code="w">(OCoLC)12294826</subfield></datafield><datafield ind1="1" ind2="4" tag="780"><subfield code="t">Moline dispatch</subfield><subfield code="w">(DLC)sn 97061102</subfield><subfield code="w">(OCoLC)36313336</subfield></datafield><datafield ind1="1" ind2="4" tag="780"><subfield code="t">Milan journal</subfield></datafield><datafield ind1="0" ind2="0" tag="785"><subfield code="t">Moline review-dispatch</subfield><subfield code="w">(DLC)sn 92053971</subfield><subfield code="w">(OCoLC)27052695</subfield></datafield><datafield ind1="1" ind2=" " tag="029"><subfield code="a">AU@</subfield><subfield code="b">000020716721</subfield></datafield></record>